@book{boxandtiao,
     author={George E.P. Box and George C. Tiao},
year={1973},
title={Bayesian Inference in Statistical Analysis},
publisher={John Wiley and Sons, Inc.}
}

@BOOK{gill,
author={Philip E. Gill and Walter Murray and Margaret H. Wright},
year={1981},
title={Practical Optimization},
publisher={Academic Press}
}

@book{jaynes,
author={Jaynes, E.T.},
title={Probability Theory: The Logic of Science},
year={2003},
publisher={Cambridge University Press}
}

@BOOK{luenberger,
        author="David G. Luenberger",
        year="1973",
        title="Introduction to Linear and Nonlinear Programming",
        publisher="Addison Wesley"
}

@BOOK{luenbergervec,
        author="David G. Luenberger",
        year="1969",
        title="Optimization by Vector Space Methods",
        publisher="John Wiley and Sons, Inc."
}
    
@book{menke,
  author={William Menke},
  year={1984},
  title={Geophysical Data Analysis: Discrete Inverse Theory},
  publisher={Academic Press, Inc.},
}

@article{harlan-model,
author={Harlan, William S.},
year={1995},
title={Regularization by Model Reparameterization},
journal={This website: papers/\urlbr{}regularization.pdf}
}

@inproceedings{SEG-1994-0980,
author={Bube, Kenneth P. and  Langan, Robert T.},
year={1994},
title={A continuation approach to regularization for traveltime tomography},
booktitle="64th Ann. Internat. Mtg.,  Expanded Abstracts",
meeting="64th Ann. Internat. Mtg.",
city={Tulsa},
publisher={Soc. Expl. Geophys.},
pages={980--983},
keywords={tomography; inversion; algorithm; optimization; crosswell}}

